<record xmlns="http://www.loc.gov/MARC21/slim" xmlns:xsi="http://www.w3.org/2001/XMLSchema-instance" xsi:schemaLocation="http://www.loc.gov/MARC21/slim http://www.loc.gov/standards/marcxml/schema/MARC21slim.xsd"><leader>00417cz   2200133n  4500</leader><controlfield tag="001">oca03107095 </controlfield><controlfield tag="005">19920208132453.1</controlfield><controlfield tag="008">920208n| acannaab|          |a aaa |||  </controlfield><datafield ind1=" " ind2=" " tag="010"><subfield code="a">n  92014225 </subfield></datafield><datafield ind1=" " ind2=" " tag="040"><subfield code="a">DLC</subfield><subfield code="c">DLC</subfield><subfield code="d">DLC</subfield></datafield><datafield ind1="0" ind2=" " tag="100"><subfield code="a">Lygdamus</subfield></datafield><datafield ind1="0" ind2=" " tag="400"><subfield code="a">Lygdamos</subfield></datafield><datafield ind1=" " ind2=" " tag="670"><subfield code="a">Alvios Tivoullos ... 1989:t.p.</subfield><subfield code="b">(Lygdamos (Lygdamus))</subfield></datafield><datafield ind1=" " ind2=" " tag="670"><subfield code="a">Oxford class. dict.</subfield><subfield code="b">(Lygdamus, auth. of six elegies transm. with the poems of Tibullus)</subfield></datafield></record>